@misc{ wiki:Enigma,
    author = "Wikipedia",
    title = "Enigma machine --- Wikipedia{,} The Free Encyclopedia",
    year = "2017",
    url = "\url{https://en.wikipedia.org/w/index.php?title=Enigma_machine&oldid=803543832}",
    note = "[Online; accessed 
11-October-2017
]"
  }
@misc{ example:enigma1,
    author = "Louise Dade",
    title = "Navy M3/M4 Enigma Machine Emulator",
    year = "2006",
    url = "\url{http://enigma.louisedade.co.uk/enigma.html}",
    note = "[Online; accessed 
11-October-2017
]"
  }
@misc{ example:enigma2,
    author = "www.enigmaco.de",
    title = "Enigma Simulation",
    url = "\url{http://enigmaco.de/enigma/enigma.html}",
    note = "[Online; accessed 
11-October-2017
]"
  }